
=== general ===
===============

@article{Ahlswede1974,
  title={{The capacity region of a channel with two senders and two receivers}},
  author={Ahlswede, R.},
  journal={The Annals of Probability},
  volume={2},
  number={5},
  pages={805--814},
  year={1974},
  publisher={Institute of Mathematical Statistics}
}


@article{Sato77,
  title={{Two-user communication channels}},
  author={Sato, H.},
  journal={IEEE transactions on information theory},
  volume={23},
  number={3},
  pages={295--304},
  year={1977}
}

@article{Carleial78,
  title={{Interference channels}},
  author={Carleial, A.},
  journal={IEEE Transactions on Information Theory},
  volume={24},
  number={1},
  pages={60--70},
  year={1978}
}

@ARTICLE{K06,
  author = {Gerhard Kramer},
  title = {Review of Rate Regions for Interference Channels},
  journal = {International Zurich Seminar on Communications},
  year = {2006},
  pages = {162-165},
  address = {Los Alamitos, CA, USA},
  doi = {http://doi.ieeecomputersociety.org/10.1109/IZS.2006.1649105},
  isbn = {1-4244-0092-9},
  owner = {Mark Wilde},
  publisher = {IEEE Computer Society},
  timestamp = {2010.02.11}
}







=== outer bounds ===
====================

@article{Carleial83,
  title={{Outer bounds on the capacity of interference channels (Corresp.)}},
  author={Carleial, A.},
  journal={IEEE transactions on information theory},
  volume={29},
  number={4},
  pages={602--606},
  year={1983}
}

@article{Sato1978,
  title={{An outer bound to the capacity region of broadcast channels (Corresp.)}},
  author={Sato, H.},
  journal={IEEE Transactions on Information Theory},
  volume={24},
  number={3},
  pages={374--377},
  year={1978}
}

@article{Nair2006,
  title={{An outer bound to the capacity region of the broadcast channel}},
  author={Nair, C. and El Gamal, A.},
  journal={IEEE Transactions on Information Theory},
  volume={53},
  number={1},
  pages={350--355},
  year={2007}
}

{
%
 % title={{An outer bound to the capacity region of the broadcast channel}},
%  author={Nair, C. and El Gamal, A.},
%  journal={Arxiv preprint cs/0605105},
%  year={2006}
}


%JOURNAL ??????






INPROCEEDINGS{CMG06,
  author = {H.F. Chong and M. Motani and H. K. Garg},
  title = {A comparison of two achievable rate regions for the interference channel},
  booktitle = {Proceedings of the USCD-ITA Workshop},
  year = {2006},
  address = {San Diego, California, USA},
  month = {February},
  owner = {Mark Wilde},
  timestamp = {2010.02.11}
}

ARTICLE{CMGE08,
  author = {Chong, H-F. and Motani, M. and Garg, H. K. and El Gamal, H.},
  title = {On the {Han-Kobayashi} Region for the Interference Channel},
  journal = {IEEE Transactions on Information Theory},
  year = {2008},
  volume = {54},
  pages = {3188--3195},
  number = {7},
  owner = {Mark Wilde},
  timestamp = {2010.02.11}
}

ARTICLE{HK81,
  author = {Te Han and Kobayashi, K.},
  title = {A new achievable rate region for the interference channel},
  journal = {Information Theory, IEEE Transactions on},
  year = {1981},
  volume = {27},
  pages = { 49-60},
  number = {1},
  month = {Jan},
  issn = {0018-9448},
  keywords = {null Information rates, Interference, Multiple-access communications}
}






== quantum ===
==============

@ARTICLE{Yard2008,
  author = {Yard, Jon and Hayden, Patrick and Devetak, Igor},
  title = {Capacity Theorems for Quantum Multiple-Access Channels: Classical-Quantum
    and Quantum-Quantum Capacity Regions},
  journal = {IEEE Transactions on Information Theory},
  year = {2008},
  volume = {54},
  pages = {3091--3113},
  number = {7},
  month = {July},
  owner = {Mark Wilde},
  timestamp = {2008.11.21}
}

@ARTICLE{Hsieh2008,
  author = {Min-Hsiu Hsieh and Igor Devetak and Andreas Winter},
  title = {Entanglement-Assisted Capacity of Quantum Multiple-Access Channels},
  journal = {IEEE Transactions on Information Theory},
  year = {2008},
  volume = {54},
  pages = {3078-3090},
  number = {7},
  bibsource = {DBLP, http://dblp.uni-trier.de},
  ee = {http://dx.doi.org/10.1109/TIT.2008.924726}
}

@MISC{YHD2006,
  author = {Jon Yard and Patrick Hayden and Igor Devetak},
  title = {Quantum broadcast channels},
  howpublished = {arXiv:quant-ph/0603098},
  month = {March},
  year = {2006},
  owner = {Mark Wilde},
  timestamp = {2009.01.19}
}

@MISC{DH2006,
  author = {Fr\'{e}d\'{e}ric Dupuis and Patrick Hayden},
  title = {A father protocol for quantum broadcast channels},
  howpublished = {arXiv:quant-ph/0612155},
  month = {December},
  year = {2006},
  owner = {Mark Wilde},
  timestamp = {2009.01.19}
}


