%%%%%%%%%%%%%%%%%%%%%%%%%%%%%%%%%%%%%%%%%%%%%%%%%%%%%%%%%%%%%%%%%%%%%%%%%%%%%%%%%%%%%%%%%%%%%%%%%%%%%%%%%%%%%%%%%%%%%%
%%%%%%%%%%%% %%%%%%%%%%%% %%%%%%%%%%%%%%%%%%%%%%%%%%%%%%%%%%%%%%%%%%%%%%%%%%%%%%%%%%%%SAVOV2007%%%%%%%%%%%%%%%%%%%%%%%
%%%%%%%%%%%% %%%%%%%%%%%% %%%%%%%%%%%%%%%%%%%%%%%%%%%%%%%%%%%%%%%%%%%%%%%%%%%%%%%%%%%%%%%%%%%%%%%%%%%%%%%%%%%%%%%%%%%%
%%%%%%%%%%%% %%%%%%%%%%%% %%%%%%%%%%%%%%%%%%%%%%%%%%%%%%%%%%%%%%%%%%%%%%%%%%%%%%%%%%%%%%%%%%%%%%%%%%%%%%%%%%%%%%%%%%%%
%%%%%%%%%%%%    %%%%%%%%% %%%%%%%%%%%%%%%%%%%%%%%%%%%%%%%%%%%%%%  %%%%%%%%%%%%%%%%%%%%%%%%%%%%%%%%%%%%%%%%%%%%%%%%%%%%
%%%%%%%%%%%% %%%%%%%%%%%%      %%%%%%%     %%%%%%%%     %%%%%%%%%%%%%%%%%%     %%%%%%%%%%%%%%%%%%%%%%%%%%%%%%%%%%%%%%%
%%%%%%%%%%%% %%%%%%%%%%%% %%%%% %%%%%  %%  %%%%%%% %%%%%%%%%%%%%  %%%%%%% %%%%%%%%%%%%%%%%%%%%%%%%%%%%%%%%%%%%%%%%%%%%
%%%%%%%%%%%% %%%%%%%%%%%% %%%%% %%%%%       %%%%%%%      %%%%%%%  %%%%%%%%      %%%%%%%%%%%%%%%%%%%%%%%%%%%%%%%%%%%%%%
%%%%%%%%%%%% %%%%%%%%%%%% %%%%% %%%%% %%%%%%%%%%%%%%%%%%  %%%%%%  %%%%%%%%%%%%%  %%%%%%%%%%%%%%%%%%%%%%%%%%%%%%%%%%%%%
%%%%%%%%%%%%%      %%%%%% %%%%% %%%%%%     %%%%%%%%%     %%%%%%%  %%%%%%%%%     %%%%%%%%%%%%%%%%%%%%%%%%%%%%%%%%%%%%%%
%%%%%%%%%%%%%%%%%%%%%%%%%%%%%%%%%%%%%%%%%%%%%%%%%%%%%%%%%%%%%%%%%%%%%%%%%%%%%%%%%%%%%%%%%%%%%%%%%%%%%%%%%%%%%%%%%%%%%%




@ARTICLE{CW05,
	author = {M.~Christandl and A.~Winter},
	 title = {Uncertainty, monogamy, and locking of quantum correlations},
   journal = {IEEE Trans. Inf. Theory},
    volume = {51},
    number = {9},
     pages = {3159-3165},
      year = {2005}
}

% network information theory == quantum is easier
@MISC{butterfly,
  author = {D.~Leung and J.~Oppenheim and A.~Winter},
  title = {Quantum network communication -- the butterfly and beyond},
  note  = {arXiv:quant-ph/0608223},
  year = {2006}
}



% Black hole refs
@ARTICLE{blackadami,
	author	= {C.~Adami and G.L.~Ver Steeg},
	title	= {Black holes conserve information in curved-space quantum field theory},
	year	= {2004},
	note	= {arXiv:gr-qc/0407090}
}
@ARTICLE{blackeradami,
	author	= {C.~Adami and G.L.~Ver Steeg},
	title	= {Black holes are almost optimal quantum cloners},
	year	= {2006},
	note	= {arXiv:quant-ph/0601065}
}
@ARTICLE{blackhayden,
	author	=	{P.~Hayden and J.~Preskill},
	title	=	{Black holes as mirrors: quantum information in random subsystems},
	note	=	{In preparation},
	year	= 	{2007}
}
% also page2, 

@ARTICLE{locking,
  author = {J.~Smolin and J.~Oppenheim},
  title = {Information locking in black holes},
  journal = {Phys. Rev. Lett.},
  volume = {96},
  pages = {081302},
  note = {arXiv:hep-th/0507287},
  year = {2006}
}

@ARTICLE{hsu,
  author = {R.~Buniy and S.~Hsu},
  title = {Entanglement entropy, black holes and holography},
  journal = {Phys. Lett. B},
  volume = {644},
  pages = {72},
  url = {arXiv:hep-th/0510021},
  year = {2007}
}








% added with the protocols section D03 already existed
@ARTICLE{hashing,
    author 		= {I. Devetak and A. Winter},
    title       = {Distillation of secret key and entanglement from quantum states},
    journal     = {Proc. R. Soc. Lond. A},
    year        = {2005},
    volume      = {461},
    pages       = {207–235},
    note 		= {arXiv:quant-ph/0306078}
}
% also: [21] 	I. Devetak and A. Winter. Relating quantum privacy and quantum coherence: an operational approach. 
%				Phys. Rev. Lett., 93:080501, 2004. quant-ph/0307053.


@ARTICLE{noisySDC,
    author 		= {M.~Horodecki and P.~Horodecki and R.~Horodecki and D.~W.~Leung and B.~M.~Terhal},
    title       = {Classical capacity of a noiseless quantum channel assisted by noisy entanglement},
    journal     = {Quant. Inf. Comp.},
    year        = {2001},
    volume      = {1},
    number		= {3},
    pages       = {70–78},
    note 		= {arXiv:quant-ph/0106080}
}



%%%% THE QUANTUM CAPACITY OF A QUANTUM CHANNEL %%%%
% the L in LSD
@ARTICLE{lloyd,
    author 		= {S. Lloyd},
    title       = {Capacity of the noisy quantum channel},
    journal     = {Phys. Rev. A},
    year        = {1997},
    volume      = {55},
    number		= {3},
    pages       = {1613–1622}
}

% the S in LSD
% see http://www.msri.org/publications/ln/msri/2002/quantumcrypto/shor/1/index.html
@ARTICLE{shor,
    author 		= {P. W. Shor},
    title       = {The quantum channel capacity and coherent information},
    journal     = {MSRI workshop on quantum computation},
    year        = {2002}
}



% Triangle of dualities... FQSW - FQRS - FF 
% slides: http://www.lri.fr/qip06/slides/devetak.ppt
@ARTICLE{triangle,
    author 		= {I. Devetak},
    title       = {Triangle of dualities between quantum communication protocols},
    journal     = {Phys. Rev. Lett.},
    year        = {2006},
    volume      = {97},
    number		= {14},
    pages       = {140503},
    note 		= {arXiv:quant-ph/0505138}
}


% Adami papers
@ARTICLE{CondMutInfo,
    author 		= {N.J.~Cerf and C.~Adami},
    title       = {Information theory of quantum entanglement and measurement},
    journal     = {Physica D},
    year        = {1998},
    volume      = {120},
    pages       = {62-81}
}
% also NegEnt
@ARTICLE{adami1,
    author 		= {N.~J.~Cerf and C.~Adami},
    title       = {Negative entropy and information in quantum mechanics},
    journal     = {Phys. Rev. Lett.},
    year        = {1997},
    volume      = {79},
    number		= {26},
    pages       = {5194-5197},
    note 		= {arXiv:quant-ph/9512022}
}
% also CA97
@ARTICLE{adami2,
    author 		= {N.~J.~Cerf and C.~Adami},
    title       = {Entropic {B}ell inequalities},
    journal     = {Phys. Rev. A},
    year        = {1997},
    volume      = {55},
    number		= {5},
    pages       = {3371-3374}
}










% ent assistance
@ARTICLE{EntAss,
    author = {DiVincenzo, D. P. and Fuchs, C. A. and Mabuchi, H. and Smolin, J. A. and Thapliyal, A. and Uhlmann, A.},
    title       = {Entanglement of assistance},
    journal     = {Lect. Notes Comp, Sci.},
    year        = {1999},
    volume      = {1509},
    pages       = {247-257},
    note 		= {arXiv:quant-ph/9803033}
}

% MULTIPARTY ENTANGLEMENT hadn't seen this one?
% ARTICLE{thapliyal-1999-59,
%  author = {A. V. Thapliyal},
%  title = {On Multipartite Pure-State Entanglement},
%  journal = {Physical Review A},
%  volume = {59},
%  pages = {3336},
%  url = {http://www.citebase.org/abstract?id=oai:arXiv.org:quant-ph/9811091},
%  year = {1999}
%}

% Aug 10
@Unpublished{HOW05b,
  author = {M. Horodecki and J. Oppenheim and A. Winter},
  title = {Quantum state merging and negative information},
  note = {ar{X}iv:quant-ph/0512247},
  year = {2005}
}


@Article{DY07,
  author = {J. Yard and I. Devetak },
  title = {Optimal quantum source coding with quantum side information at the encoder and decoder},
  note = {arXiv:0706.2907},
  year = {2007}
}



% Aug 8th 
@article{distilling,
	author = {I. Devetak and A. Winter},
	 title = {Distilling common randomness from bipartite quantum states},
	 note =	 {arXiv:quant-ph/0304196}
}
%   journal = {Phys. Rev. Lett.},
%   	volume = {70},
%	  year = {1993},
%	 pages = {1895–1899}

@ARTICLE{HHHH,
  author = {R.~Horodecki and P.~Horodecki and M.~Horodecki and K.~Horodecki},
  title = {Quantum entanglement},
  note = {arXiv:quant-ph/0702225},
  year = {2007}
}





% Aug 6th TP and SDC from ``ressource framework paper...
@article{teleportation,
	author = {C.~H.~Bennett and G.~Brassard  and C.~Cr\'epeau and R.~Jozsa and A.~Peres and W.~K.~Wootters},
	 title = {Teleporting an unknown quantum state via dual classical and Einstein-Podolsky-Rosen channels},
   journal = {Phys. Rev. Lett.},
   	volume = {70},
	  year = {1993},
	 pages = {1895–1899}
}
@article{superdense,
	author = {C. H. Bennett and S. J. Wiesner},
	 title = {Communication via one- and two-particle operators on Einstein-Podolsky-Rosen states},
   journal = {Phys. Rev. Lett.},
   	volume = {69},
	  year = {1992},
	 pages = {2881–2884}
}


% August 3rd
% inlcude stuff from Black Holes Paper 


%\bibitem{braunstein}
%  S.~L.~Braunstein and A.~K.~Pati,
%  \newblock ``Quantum information cannot be completely hidden in correlations:
%  \newblock Implications for the black-hole information paradox,''
%  \newblock arXiv:gr-qc/0603046.
%	
@article{hawking2,
	author = {S.~W.~Hawking},
	 title = {Particle creation by black holes},
   journal = {Comm. Math. Phys.},
   	volume = {43},
	  year = {1975},
	 pages = {199-220}
}

%\bibitem{hawking} 	S.~W.~Hawking, ``Information Loss in Black Holes'', Physical Review D Vol.72 pp.84013 
%	\newblock hep-th/0507171.
%	
@article{thaschen,
	author = {J.~Traschen},
	 title = {An introduction to black hole evaporation},
   journal = {},
     month = {},
	  year = {},
	 pages = {},	  
	 note = {arXiv:gr-qc/0010055}
}

%\bibitem{bell} 			J.~S.~Bell, ``On the Einstein-Podolsky-Rosen Paradox.'' Physics 1, 195-200, 1964.
%

%\bibitem{fuzz} 			S.~D.~Mathur, ``The fuzzball proposal for black holes: an elementary review'', hep-th/0502050.
%
@article{preskill,
	author = {J.~Preskill},
	 title = {Do black holes destroy information?},
   journal = {},
     month = {},
	  year = {},
	 pages = {},	  
	 note = {arXiv:hep-th/9209058}
}

%\bibitem{preskill2}	D.~Gottesman and J.~Preskill, ``Comment on `The black hole final state''', hep-th/0311269.
%
@article{page2,
	author = {D.~N.~Page},
	 title = {Hawking radiation and black hole thermodynamics},
   journal = {},
     month = {},
	  year = {},
	 pages = {},	  
	 note = {arXiv:hep-th/0409024}
}	  

%
%\bibitem{einhorn} 	M.~B.~Einhorn, ``The Black Hole Information Paradox'', hep-th/0510148. 
%
%\bibitem{terno} 		D.~R.~Terno, ``From qubits to black holes: entropy, entanglement and all that'', qr-qc/0505068. 
%\bibitem{hayward} 	S.~A.~Hayward, ``The disinformation problem for black holes'', qr-qc/0504037.
%\bibitem{giddings} 	S.~B.~Giddings, ``Unitarity, nonlocality, and black hole information'', hep-th/0604047.
%\bibitem{carroll} 	S.~M.~Carroll, Spacetime and Geometry: An Introduction to General Relativity, Addison-Wesley, 2004.
%%% / from Black Holes Paper







% July 26 th

@book{sakurai,
    author = {J.J.~Sakurai},
    title = {Modern quantum mechanics},
    howpublished = {Hardcover},
    isbn = {0201539292},
    keywords = {quantum mechanics},
    publisher = {Addison-Wesley},
    year = {1994}
}




% new stuff from Esq paper 1.0
% IS addition July 8

%	\bibitem{E69}
%	J. Edmonds.
%	\newblock Submodular functions, matroids, and certain polyhedra.
%	\newblock {\em Proc. Calgary Int. Conf. Combinatorial Structures and Algorithms.}
%	\newblock Calgary, Alberta, 69--87, June 1969.
%	\newblock (Reprinted in {\em LNCS} 2570:11--26, 2003)
@ARTICLE{E69,
	author = {J. Edmonds},
	 title = {Submodular functions, matroids, and certain polyhedra},
   journal = {Proc. Calgary Int. Conf. Combinatorial Structures and Algorithms},
     month = {June},
	  year = {1969},
	 pages = {69--87},
	  note = {(Reprinted in {\em LNCS} 2570:11--26, 2003) }
}

@ARTICLE{TH98,
	author = {D. Tse and S. Hanley},
	 title = {Multiaccess fading channels: Polymatroid structure, optimal resource allocation and throughput capacities},
   journal = {IEEE Trans. Inf. Theory},
    volume = {44},
    number = {7},
     pages = {2796-2815},
      year = {1998}
}





% R. Landauer, IBM Jl. Res. Develop. 5, 183 (1961).
% what is the title  ?Information is physical
@ARTICLE{landauer,
	author = {R. Landauer},
	title  = {Irreversibility and heat generation in the computing process},
	journal= {IBM Jl. Res. Develop.}, 
	volume = {5},
	pages  = {183}, 
	year   = {1961}
}

  
%IBM Thomas J. Watson Research Center;
%This paper appears in: Physics and Computation, 1992. PhysComp '92., Workshop on
%Publication Date: 2-4 Oct 1992
%On page(s): 1-4
%ISBN: 0-8186-3420-0
%Posted online: 2002-08-06 18:13:12.0
%Landauer, Phys. Today, May 1991, Landauer, 
%Phys. Lett. A, 217, 1996, p. 188.

@BOOK{cyborgscience,
	author = {P. Mirowski},
	title = {Machine dreams,  economics becomes a cyborg science},
    howpublished = {Hardcover},
    isbn = {0521775264},
    keywords = {Hilbert, von Neumann, economics, operations research},
    publisher = {Cambridge University Press},
    year = {2001}
}	


% for thermodynamics quote: 
@book{M92,
    author = {M. C. Mackey},
    title = {Time's Arrow:  The origins of thermodynamic behavior},
    howpublished = {Hardcover},
    isbn = {3540977023},
    keywords = {thermodynamics},
    publisher = {Springer-Verlag},
    year = {1992}
}
@book{callen,
    author = {H. B. Callen},
    title = {Thermodynamics and an introduction to thermostatistics},
    howpublished = {Hardcover},
    keywords = {thermodynamics, statistical mechanics},
    publisher = {John Wiley \& Sons},
    year = {1985}
}



%for intrinsic information, taken from Christendl thesis
@ARTICLE{MW99,
	author = {U. Maurer and S. Wolf},
	title  = {Unconditionally secure key agreement and the intrinsic conditional information},
	journal= {IEEE Trans. on Inf. Theory}, 
	volume = {45},
	number = {2},
	pages  = {499–514}, 
	year   = {1999}
}

% matthias PhD thesis
% is it 2006 ?    --->  yes from pdf I saw
@phdthesis{C05,
	 author = {M. Christandl},
	 title  = {The structure of bipartite quantum states. Insights from group theory and cryptography},
    school  = {Selwyn College, University of Cambridge},
    year    = {2006}
}


%C. E. Shannon. A mathematical theory of communication. Bell Sys. Tech.
%Journal, 27: 379-423, 623-656, 1948.
@ARTICLE{S48,
	AUTHOR={C. E. Shannon},
	TITLE={A mathematical theory of communication},
	JOURNAL={Bell Sys. Tech. Journal},
	VOLUME={27},
	PAGES={379-423,623-656},
	YEAR={1948}
}


@ARTICLE{AHS07,
  author = {D. Avis and P. Hayden and I. Savov},
  title = {Multiparty distributed compression and squashed entanglement},
  note = {arXiv:0707.2792},
  year = {2007}
}



@book{CT91,
    author = {T. M. Cover and J. A. Thomas},
    title = {Elements of Information Theory},
    howpublished = {Hardcover},
    isbn = {0471062596},
    keywords = {information theory},
    publisher = {John Wiley \& Sons},
    year = {1991}
}





@ARTICLE{Fan73,
	AUTHOR={M. Fannes},
	TITLE={A continuity property of the entropy density for spin lattice systems},
	JOURNAL={Comm. Math. Phys.},
	VOLUME={31},
	PAGES={291-294},
	YEAR={1973}
}


@book{CK81,
    author = {I.  Csisz\'ar and J. K\"orner},
    title = {Information Theory: Coding theorems for discrete memoryless systems},
    howpublished = {Hardcover},
    isbn = {9630574403},
    keywords = {information theory, method of types},
    publisher = {Akad\'emiai Kiad\'o, Budapest},
    year = {1981}
}






% old stuff

% June 11th 2007
% biblography.bib for Multiparty Distributed Compression and Squashed Entanglement Paper
%
% supercedes biblopgraphy.tex which was manually generated...

% May 30th adding some intro refs
% June 11th cleaned up the whole file. added ``note''s and uniformized the journal names to abberev.
%

% IS addition June 23

@UNPUBLISHED{DH07,
  author = 	 {P. Hayden and F. Dupuis},
  TITLE =        {An optimal reverse Shannon theorem for quantum broadcast channels},
  NOTE =         {In preparation},
  year =         {2007}
}

% /IS addition June 23



% PMH new additions 20 June
@ARTICLE{DHW05b,
   author = {{Devetak}, I. and {Harrow}, A.~W. and {Winter}, A.},
    title = "{A resource framework for quantum Shannon theory}",
   eprint = {arXiv:quant-ph/0512015},
     note = {arXiv:quant-ph/0512015},
     year = {2005}
}

%{Royal Society of London Proceedings Series A}
@ARTICLE{DW05,
   author = {{Devetak}, I. and {Winter}, A.},
    title = "{Distillation of secret key and entanglement from quantum states}",
  journal = {Proc. R. Soc. London A},
   eprint = {arXiv:quant-ph/0306078},
     note = {arXiv:quant-ph/0306078},
     year = 2005,
   volume = 461,
    pages = {207-235},
}

@UNPUBLISHED{HW06,
  AUTHOR =       {P. Hayden and A. Winter},
  TITLE =        {Achievable rates for multiparty distributed compression},
  NOTE =         {Unpublished},
  year =         {2006}
}

@UNPUBLISHED{O07,
    AUTHOR =    {J. Oppenheim},
    TITLE =     {Redistributing quantum information from fully quantum {S}lepian-{W}olf},
    NOTE =      {Private communication},
    YEAR =      {2007}
}

%E. H. Lieb, M. B. Ruskai, ``Proof of the strong subadditivity
%of quantum-mechanical entropy'', J. Math. Phys., vol. 14, pp. 1938--1941, 1973.
@ARTICLE{LR73,
  AUTHOR =       {E. H. Lieb and M. B. Ruskai},
  TITLE =        {Proof of the strong subaddivity of quantum-mechanical entropy},
  JOURNAL =      {J. Math. Phys.},
  YEAR =         {1973},
  volume =       {14},
  pages =        {1938-1941}
}






% /PMH new additions 20 June







%A. S. Holevo, “The capacity of quantum channel with general signal
%states,” IEEE Trans. Inform. Theory, vol. 44, pp. 269–273, Jan. 1998.
@article{H98,
  author    = {A. S. Holevo},
  title     = {The capacity of the quantum channel with general signal states},
  journal   = {IEEE Trans. Inf. Theory},
  volume    = {44},
  number    = {1},
  year      = {1998},
  pages     = {269-273},
  note      = {arXiv:quant-ph/9611023}
}





%B. Schumacher and M. D. Westmoreland, “Sending classical information via noisy quantum channels,”
%Phys. Rev. A, vol. 56, pp. 131–138, 1997.
@ARTICLE{SW97,
   author = {{Schumacher}, B. and {Westmoreland}, M.~D.},
    title = {Sending classical information via noisy quantum channels},
  journal = {Phys. Rev. A},
     year = 1997,
   volume = 56,
    pages = {131-138},
     note = {doi:10.1103/PhysRevA.56.131},
}


@ARTICLE{BSST99,
  author = {C. H. Bennett and P. W. Shor and J. A. Smolin and A. V. Thapliyal},
  title = {Entanglement-assisted classical capacity of noisy quantum channels},
  journal = {Phys. Rev. Lett.},
  volume = {83},
  pages = {3081},
  note = {arXiv:quant-ph/9904023},
  year = {1999}
}

@Article{D03,
  author = {I. Devetak},
  title = {The private classical capacity and quantum capacity of a quantum channel},
  JOURNAL =     {{IEEE} Trans. Inf. Theory},
  YEAR =        {2005},
  volume =      {51},
  number =      {1},
  pages =       {44},
  note =        {arXiv:quant-ph/0304127}
}

% entanglement % 1200 refs !!!!!
@ARTICLE{B96,
  author = {C. H. Bennett and D. P. DiVincenzo and J. A. Smolin and W. K. Wootters},
  title = {Mixed-state entanglement and quantum error correction},
  journal = {Phys. Rev. A},
  volume = {54},
  pages = {3824},
  note = {arXiv:quant-ph/9604024},
  year = {1996}
}

@ARTICLE{PV07,
  author = {M. B. Plenio and S. Virmani},
  title = {An introduction to entanglement measures},
  journal = {Quant. Inf. Comp.},
  volume = {7},
  pages = {1},
  note = {arXiv:quant-ph/0504163},
  year = {2007}
}





    %   % cost
    %   \bibitem[BBPS]{BBPS}    C. Bennett, H. Bernstein, S. Popescu and B. Schumacher.     % [24]
    %   \newblock   Concentrating partial entanglement by local operations,
    %   \newblock   Phys. Rev. A 53, 2046 (1996),
    %   \newblock   ar{X}iv.org:quant-ph/9511030.
@Article{BBPS,
  author = {C. H. Bennett and H. J. Bernstein and S. Popescu and B. Schumacher},
  title = {Concentrating Partial Entanglement by local operations},
  journal =      {Phys. Rev. A},
  year =         {1996},
  volume =       {53},
  number =       {4},
  pages =        {2046-2052},
  note = {arXiv:quant-ph/9511030}
}






    %   \bibitem[HHT]{HHT}  P. Hayden, M. Horodecki, and B.M. Terhal.
    %   \newblock   The asymptotic entanglement cost of preparing a quantum state,
    %   \newblock   J. Phys. A 34, 6891 (2001),
    %   \newblock   ar{X}iv.org:quant-ph/0008134.
@ARTICLE{HHT,
  author = {P. M. Hayden and M. Horodecki and B. M. Terhal},
  title = {The asymptotic entanglement cost of preparing a quantum state},
  journal = {J. Phys. A: Math. Gen.},
  volume = {34},
  pages = {6891-6898},
  note = {doi:10.1088/0305-4470/34/35/314},
  year = {2001}
}



    %   % distillable
    %   \bibitem[Ra99]{Ra99}    E. Rains.   %[40]
    %   \newblock   A rigorous treatment of distillable entanglement,
    %   \newblock   Phys. Rev. A 60, 173 (1999),
    %   \newblock   ar{X}iv.org:quant-ph/9809078.
@Article{Ra99,
  author = {E. M. Rains},
  title = {A rigorous treatment of distillable entanglement},
  journal = {Phys. Rev. A},
  volume = {60},
  pages = {173},
  note = {arXiv:quant-ph/9809078},
  year = {1999}
}



    %
    %   % rel entropy of ent
    %   \bibitem[VP98]{VP98}    V. Vedral and M. Plenio.
    %   \newblock   Entanglement Measures and Purification Procedures,
    %   \newblock   Phys. Rev. A 57, 1619 (1998),
    %   \newblock   ar{X}iv.org:quant-ph/9707035.
@ARTICLE{VP98,
  author = {V. Vedral and M.~B. Plenio},
  title = {Entanglement measures and purification procedures},
  journal = {Phys. Rev. A},
  volume = {57},
  pages = {1619},
  note = {arXiv:quant-ph/9707035},
  year = {1998}
}



@Article{LSSW,
     author = {N. Linden and S. Popescu and B. Schumacher and M. Westmoreland},
     title = {Reversibility of local transformations of multiparticle entanglement},
     journal = {Quant. Inf. Proc.},
     volume = {4},
     number = {3},
     year = {2005},
     issn = {1570-0755},
     pages = {241--250},
     doi = {http://dx.doi.org/10.1007/s11128-005-4608-0},
     publisher = {Kluwer Academic Publishers},
     address = {Hingham, MA, USA},
     note = {arXiv:quant-ph/9912039}
 }


@ARTICLE{DCT99,
  author = {W. Dur and J.~I. Cirac and R. Tarrach},
  title = {Separability and distillability of multiparticle quantum systems},
  journal = {Phys. Rev. Lett.},
  volume = {83},
  pages = {3562},
  note = {arXiv:quant-ph/9903018},
  year = {1999}
}

@ARTICLE{CKW00,
  author = {V. Coffman and J. Kundu and W. K. Wootters},
  title = {Distributed entanglement},
  journal = {Phys. Rev. A},
  volume = {61},
  pages = {052306},
  note = {arXiv:quant-ph/9907047},
  year = {2000}
}

@Article{BPRST99,
  author = {Bennett, C. H. and Popescu, S. and Rohrlich, D.  and Smolin, J. A. and Thapliyal, A. V.},
  title = {Exact and asymptotic measures of multipartite pure-state entanglement},
  journal = {Phys. Rev. A},
  volume = {63},
  number = {1},
  pages = {012307},
  numpages = {12},
  year = {2000},
  month = {Dec},
  note = {arXiv:quant-ph/9908073},
  doi = {10.1103/PhysRevA.63.012307},
  publisher = {American Physical Society}
}



    %   \bibitem[SW73]{SW73} D.~Slepian, J.K.~Wolf,
    %   \newblock Noiseless coding of correlated information sources,
    %   \newblock IEEE Trans. Inform. Theory,
    %   \href{}{vol.19,pp.471-480}, July 1973.
@ARTICLE{SW73,
  author = {D. Slepian and  J. Wolf},
  title = {Noiseless coding of correlated information sources},
  journal = {{IEEE} Trans. Inf. Theory},
  volume = {19},
  number = {4},
  pages = {471-480},
  url = {http://web.mit.edu/6.962/www/www_fall_2001/kusuma/slepwolf.pdf},
  year = {1973}
}


    %
    %   \bibitem[Sc95]{Sc95} B.~Schumacher, Quantum Coding.
    %   \newblock \href{http://scholar.google.com/url?sa=U&q=ftp://ftp.cnl.salk.edu/pub/tony/quantum/schumacher.ps}
    %   {Phys. Rev. A 51, 2738–2747}  (1995).
@ARTICLE{Sc95,
  author = {B. Schumacher},
  title = {Quantum coding},
  journal = {Phys. Rev. A},
  volume = {51},
  pages = {2738-2747},
  note = {doi:10.1103/PhysRevA.51.2738},
  year = {1995}
}




    %   \bibitem[NC04]{nielsenchuang}
    %   \newblock M.~Nielsen, I.~Chuang, {Quantum computation and quantum information}, {2004}, {Cambridge}.
@book{NC04,
    author = {Nielsen, M.  A.  and Chuang, I.  L. },
    title = {Quantum computation and quantum information},
    howpublished = {Paperback},
    isbn = {521635039},
    keywords = {quantum information},
    publisher = {Cambridge University Press},
    year = {2000}
}


    %   \bibitem[DHW04]{DHW04}
    %   I.~Devetak, A.~W. Harrow, and A.~Winter.
    %   \newblock A family of quantum protocols.
    %   \newblock {\em Phys. Rev. Lett.}, 93:230504, 2004.
    %   \newblock ar{X}iv.org:quant-ph/0308044.
@ARTICLE{DHW04,
  author = {I. Devetak and A.~W. Harrow and A. Winter},
  title = {A family of quantum protocols},
  journal = {Phys. Rev. Lett.},
  volume = {93},
  pages = {230504},
  note = {arXiv:quant-ph/0308044},
  year = {2004}
}


    %   \bibitem[ADHW04]{ADHW04} C. Ahn, A. Doherty, P. Hayden, A. Winter.
    %   \newblock   On the Distributed Compression of Quantum Information
    %   \newblock   IEEE Trans on Information Theory,
    %   \newblock   Vol.52,  Issue 10,  Oct. 2006 Page(s):4349 - 4357
    %   \newblock   ar{X}iv.org:quant-ph/0403042
@ARTICLE{ADHW04,
  author = {C. Ahn and A. Doherty and P. Hayden and A. Winter},
  title = {On the distributed compression of quantum information},
  journal = {{IEEE} Trans. Inf. Theory},
  volume = {52},
  pages = {4349},
  doi = {10.1109/TIT.2006.881734},
  note = {arXiv:quant-ph/0403042},
  year = {2006}
}



    %   \bibitem[FQSW]{FQSW}
    %   A.~Abeyesinghe, I.~Devetak, P.~Hayden, A.~Winter.
    %   \newblock The mother of all protocols: Restructuring quantum information's family tree
    %   \newblock ar{X}iv.org:quant-ph/0606225
@Article{FQSW,
  author = {A. Abeyesinghe and I. Devetak and P. Hayden and A. Winter},
  title = {The mother of all protocols: Restructuring quantum information's family  tree},
  note = {arXiv:quant-ph/0606225},
  year = {2006}
}



    %   \bibitem[AF04]{AF04}
    %   R.~Alicki and M.~Fannes.
    %   \newblock Continuity of quantum conditional information.
    %   \newblock {\em J. Phys. A}, 37:L55--L57, 2004.
    %   \newblock ar{X}iv.org:quant-ph/0312081.
@Article{AF04,
  author = {R. Alicki and M. Fannes},
  title = {Continuity of quantum mutual information},
  note = {arXiv:quant-ph/0312081},
  year = {2003}
}


%%% TUCCI PAPERS
@article{tucci-1999,
  author = {R. R. Tucci},
  title = {Quantum entanglement and conditional information transmission},
  note = {arXiv:quant-ph/9909041},
  year = {1999}
}

@article{tucci-2002,
  author = {R. R. Tucci},
  title = {Entanglement of distillation and conditional mutual information},
  note = {arXiv:quant-ph/0202144},
  year = {2002}
}





    %   \bibitem[CW04]{CW04}
    %   M.~Christandl and A.~Winter.
    %   \newblock Squashed entanglement - {A}n additive entanglement measure.
    %   \newblock {\em J. Math. Phys.}, 45(3):829--840, 2004.
    %   \newblock ar{X}iv.org:quant-ph/0308088.
@ARTICLE{CW04,
  author = {M. Christandl and A. Winter},
  title = {Squashed entanglement - An additive entanglement measure},
  journal = {J. Math. Phys.},
  volume = {45},
  pages = {829},
  note = {arXiv:quant-ph/0308088},
  year = {2004}
}




    %   \bibitem[Vid00]{Vid00}
    %   G.~Vidal.
    %   \newblock Entanglement monotones,
    %   \newblock {\em J. Mod. Opt.} 47, 355-376 (2000).
    %   \newblock quant-ph/9807077.
@ARTICLE{Vid00,
  author = {G. Vidal},
  title = {Entanglement monotones},
  journal = {J. Mod. Opt.},
  volume = {47},
  pages = {355},
  note = {arXiv:quant-ph/9807077},
  year = {2000}
}




    %   \bibitem[Fuchs]{Fuchs}  Fuchs and van de Graaf p14 -- distance measures and relationship between.
@ARTICLE{Fuchs,
  author = {C. A. Fuchs and J. van de Graaf},
  title = {Cryptographic distinguishability measures for quantum-mechanical states},
  journal = {{IEEE} Trans. Inf. Theory},
  volume = {45},
  pages = {1216},
  note = {doi:10.1109/18.761271},
  year = {1999}
}



    %
    %   \bibitem[Pag93]{Pag93}
    %   D.~Page.
    %   \newblock Average Entropy of a Subsystem,
    %   Physical Review Letters, vol.71, p.1291, gr-qc/9305007.
@ARTICLE{Pag93,
  author = {D. N. Page},
  title = {Average entropy of a subsystem},
  journal = {Phys. Rev. Lett.},
  volume = {71},
  pages = {1291},
  note = {arXiv:gr-qc/9305007},
  year = {1993}
}



    %   \bibitem[HLW06]{HLW06}
    %   P.~Hayden, D.~Leung, A.~Winter.
    %   \newblock Aspects of generic entanglement,
    %   {Communications in Mathematical Physics},
    %   vol.{265}, p.{95}, {doi:10.1007/s00220-006-1535-6}.
@ARTICLE{HLW06,
  author = {P. Hayden and D. W. Leung and A. Winter},
  title = {Aspects of generic entanglement},
  journal = {Commun. Math. Phys.},
  volume = {265},
  pages = {95},
  doi = {10.1007/s00220-006-1535-6},
  note = {arXiv:quant-ph/0407049},
  year = {2006}
}



    %   \bibitem[DH06]{DH06}
    %   F.~Dupuis, P.~Hayden.
    %   \newblock A father protocol for quantum broadcast channels,
    %   arXiv:quant-ph/0612155
@ARTICLE{DH06,
  author = {F. Dupuis and P. Hayden},
  title = {A father protocol for quantum broadcast channels},
  note = {arXiv:quant-ph/0612155},
  year = {2006}
}







    %%% %%% %%% %%% %%% %%% %%% %%% %%% %%% %%% %%% %%% %%% %%% %%% %%% %%% %%% %%%
    %%% %%% %%% %%% %%% %%% %%% %%% %%% %%% %%% %%% %%% %%% %%% %%% %%% %%% %%% %%%
    %%% %%% %%% %%% %%% %%% %%% %%% %%% %%% %%% %%% %%% %%% %%% %%% %%% %%% %%% %%%
    %%% NEW STUFF
%   \bibitem{poly} G.M.~Ziegler. Lectures on Polytopes,
%   \emph{Graduate Texts in Mathematics 152},
%   Springer, New York, 1994.
    %G.M. Ziegler, Lectures on Polytopes, Graduate Texts in Mathematics, Vol. 152, Springer, New York, 1994.
@book {poly,
    AUTHOR = {Ziegler, G. M.},
     TITLE = {Lectures on polytopes},
 PUBLISHER = {Springer-Verlag},
   ADDRESS = {New York},
      YEAR = {1995},
     PAGES = {x+370},
      ISBN = {0-387-94365-X},
}


@ARTICLE{U76,
  author = {A. Uhlmann},
  title = {The `transition probability' in the state space of a {$^*$}-algebra},
  journal = {Rep. Math. Phys.},
  volume = {9},
  pages = {273},
  year = {1976}
}


% quantum instrument
@ARTICLE{DL70,
  author = {E. Davies and J. Lewis},
  title = {An operational approach to quantum probability},
  journal = {Commun. Math. Phys.},
  volume = {17},
  pages = {239-260},
  year = {1970}
}



    %   \bibitem{HOW05} M. Horodecki, J. Oppenheim and A. Winter.
    %   {Quantum information can be negative}, {Nature} v.{436}, p.{673},
    %   {doi:10.1038/nature03909}, arXiv:quant-ph/0505062, {2005}.

@ARTICLE{HOW05,
  author = {M. Horodecki and J. Oppenheim and A. Winter},
  title = {Quantum information can be negative},
  journal = {Nature},
  volume = {436},
  pages = {673},
  note = {doi:10.1038/nature03909},
  year = {2005}
}



% multiparty classical
@ARTICLE{C75,
  author = {T. Cover},
  title = {A proof of the data compression theorem of {S}lepian and {W}olf for ergodic sources},
  journal = {IEEE Trans. Inf. Theory},
  volume = {21},
  number = {2},
  pages = {226-228},
  year = {1975}
}

% taken out from C75 bibliography
@ARTICLE{W74,
  author = {J. Wolf},
  title = {Data reduction for multiple correlated sources},
  journal = {Proc. 5th Colloquium Microwave Comm.},
  pages = {287-295},
  year = {1974}
}


%   \bibitem{EntFid} B. Schumacher. {Sending quantum entanglement through noisy channels},
%   \newblock arXiv:quant-ph/9604023, {1996}.
@Article{EntFid,
    author      = {B. Schumacher},
    title       = {Sending entanglement through noisy quantum channels},
    journal     = {Phys. Rev. A},
    year        = {1996},
    volume      = {54},
    pages       = {2614-2628},
    note        = {arXiv:quant-ph/9604023}
}






%   \bibitem{DY06} I. Devetak, J. Yard. {The operational meaning of quantum conditional information},
%   \newblock   arXiv:quant-ph/0612050, {2006}.

@Article{DY06,
  author = {I. Devetak and J. Yard},
  title = {The operational meaning of quantum conditional information},
  note = {arXiv:quant-ph/0612050},
  year = {2006}
}


% first appearance of MI
@ARTICLE{Lindblad,
   author = {{Lindblad}, G.},
    title = "{Entropy, information and quantum measurements}",
  journal = {Commun. Math. Phys.},
     year = 1973,
    month = dec,
   volume = 33,
    pages = {305-322}
}


@ARTICLE{RHoro,
   author = {R. Horodecki},
    title = "{Informationally coherent quantum systems}",
  journal = {Phys. Lett. A},
     year = 1994,
    month = apr,
   volume = 187,
    pages = {145-150},
    note = {doi:10.1016/0375-9601(94)90052-3}
}

@article{GPW05,
    author = {B. Groisman and S. Popescu and A. Winter},
    title = {Quantum, classical, and total amount of correlations in a quantum state},
    publisher = {APS},
    year = {2005},
    journal = {Phys. Rev. A},
    volume = {72},
    number = {3},
    eid = {032317},
    pages = {032317},
    url = {http://link.aps.org/abstract/PRA/v72/e032317}
}



%   \bibitem{multisquash}   D. Yang, K. Horodecki, M. Horodecki, P. Horodecki and J.Oppenheim.
%   \newblock {Squashed entanglement for multipartite states and entanglement measures  based on the mixed convex roof},
%   \newblock arXiv:0704.2236, {2007}.
@Article{multisquash,
  author = {D. Yang and K. Horodecki and M. Horodecki and P. Horodecki and J. Oppenheim and W. Song},
  title = {Squashed entanglement for multipartite states and entanglement measures  based on the mixed convex roof},
  note = {arXiv:0704.2236},
  year = {2007}
}

%   \bibitem{Foong}
%   S.K. Foong, S. Kanno.
%   \newblock Proof of Page's Conjecture on the Average Entropy of a Subsystem,
%   \newblock Physical Review Letters, vol.72, num.8, 1994.
@ARTICLE{Foong,
   author = {{Foong}, S.~K. and {Kanno}, S.},
    title = "{Proof of Page's conjecture on the average entropy of a subsystem}",
  journal = {Phys. Rev. Lett.},
     year = 1994,
    month = feb,
   volume = 72,
    pages = {1148-1151},
     note = {doi:10.1103/PhysRevLett.72.1148}
}



%   \bibitem{Sanchez}
%   J. S\'anchez-Ruiz.
%   \newblock Simple proof of Page's conjecture on the average entropy of a subsystem
%   \newblock Physical Review E, vol.52, num.5, 1995.}
%author = {{S{\'a}nchez-Ruiz}, J.},
@ARTICLE{Sanchez,
   author = {{Sanchez-Ruiz}, J.},
    title = "{Simple proof of Page's conjecture on the average entropy of a subsystem}",
  journal = {Phys. Rev. E},
     year = 1995,
    month = nov,
   volume = 52,
    pages = {5653-5655},
     note = {doi:10.1103/PhysRevE.52.5653}
}
